<record><leader>00000cas a22000007a 4500</leader><controlfield tag="001">10307783</controlfield><controlfield tag="008">840117d18721947njuwr ne      0    0eng d</controlfield><datafield ind1=" " ind2=" " tag="010"><subfield code="a">sn 84026159 </subfield></datafield><datafield ind1=" " ind2=" " tag="040"><subfield code="a">NPU</subfield><subfield code="b">eng</subfield><subfield code="c">NPU</subfield><subfield code="d">NPX</subfield><subfield code="d">NPA</subfield><subfield code="d">NJW</subfield><subfield code="d">OCLCQ</subfield></datafield><datafield ind1=" " ind2=" " tag="042"><subfield code="a">msc</subfield></datafield><datafield ind1="0" ind2="0" tag="245"><subfield code="a">New-Jersey mirror.</subfield></datafield><datafield ind1=" " ind2=" " tag="260"><subfield code="a">Mount Holly, N.J. :</subfield><subfield code="b">Charles H. Folwell,</subfield><subfield code="c">1872-1947.</subfield></datafield><datafield ind1=" " ind2=" " tag="300"><subfield code="a">v. :</subfield><subfield code="b">ill. ;</subfield><subfield code="c">71 cm.</subfield></datafield><datafield ind1=" " ind2=" " tag="310"><subfield code="a">Weekly</subfield></datafield><datafield ind1="0" ind2=" " tag="362"><subfield code="a">Vol. 55, no. 2818 (Oct. 17, 1872)-n.s., v. 73, no. 45 (Mar. 5, 1947).</subfield></datafield><datafield ind1=" " ind2=" " tag="500"><subfield code="a">Published by the Mirror Co., 1946-1947.</subfield></datafield><datafield ind1=" " ind2=" " tag="500"><subfield code="a">Editors: Charles H. Folwell, 1872-1946; Charles C. Hanbury, 1946; F. Calvin Louderback, 1946; Charles W. Phillips, 1946-1947; Rachel W. Calden, 1947.</subfield></datafield><datafield ind1=" " ind2=" " tag="500"><subfield code="a">"Republican."</subfield></datafield><datafield ind1=" " ind2=" " tag="530"><subfield code="a">Also issued on microfilm by Norton Micro Images.</subfield></datafield><datafield ind1=" " ind2=" " tag="752"><subfield code="a">United States</subfield><subfield code="b">New Jersey</subfield><subfield code="c">Burlington</subfield><subfield code="d">Mount Holly.</subfield></datafield><datafield ind1="0" ind2="0" tag="780"><subfield code="t">New-Jersey mirror, and Burlington County advertiser</subfield><subfield code="w">(DLC)sn 84026158</subfield><subfield code="w">(OCoLC)10307933</subfield></datafield><datafield ind1="1" ind2=" " tag="029"><subfield code="a">AU@</subfield><subfield code="b">000025840710</subfield></datafield></record>